<?xml version="1.0" encoding="UTF-8"?><collection xmlns="http://www.loc.gov/MARC21/slim"><record><leader>00582nam--2200205-i-4500</leader><controlfield tag="001">000040068</controlfield><controlfield tag="002">20161230</controlfield><controlfield tag="005">20161230201042</controlfield><controlfield tag="008">060222s1000------------r-----000-0-fre-d</controlfield><datafield ind1=" " ind2=" " tag="020"><subfield code="a">2020049430</subfield></datafield><datafield ind1=" " ind2=" " tag="040"><subfield code="a">IFIN-HH</subfield></datafield><datafield ind1=" " ind2=" " tag="041"><subfield code="a">fre</subfield></datafield><datafield ind1=" " ind2=" " tag="080"><subfield code="a">525(0.027.3)</subfield></datafield><datafield ind1="1" ind2=" " tag="100"><subfield code="a">Sagan,Carl</subfield></datafield><datafield ind1="1" ind2="0" tag="245"><subfield code="a">Cosmic connection au l`appel des etoiles</subfield><subfield code="c">Carl sagan</subfield></datafield><datafield ind1=" " ind2=" " tag="260"><subfield code="a">Paris</subfield><subfield code="b">Editions Du Seuil</subfield><subfield code="c">1975</subfield></datafield><datafield ind1=" " ind2=" " tag="300"><subfield code="a">313 P</subfield></datafield><datafield ind1=" " ind2=" " tag="500"><subfield code="a">Titlul Original In Limba Engleza: The Cosmic Connetion An Extraterrestrial Perspective</subfield></datafield><datafield ind1=" " ind2=" " tag="852"><subfield code="a">48242</subfield><subfield code="c">523</subfield></datafield><datafield ind1=" " ind2=" " tag="CAT"><subfield code="a">Sys</subfield><subfield code="c">20141203</subfield><subfield code="h">170928</subfield></datafield></record></collection>